@article{krizhevsky2012imagenet,
  title   = {Imagenet classification with deep convolutional neural networks},
  author  = {Krizhevsky, Alex and Sutskever, Ilya and Hinton, Geoffrey E},
  journal = {Advances in neural information processing systems},
  volume  = {25},
  year    = {2012}
}

@article{hoeser2020object,
  title     = {Object detection and image segmentation with deep learning on earth observation data: A review-part i: Evolution and recent trends},
  author    = {Hoeser, Thorsten and Kuenzer, Claudia},
  journal   = {Remote Sensing},
  volume    = {12},
  number    = {10},
  pages     = {1667},
  year      = {2020},
  publisher = {Multidisciplinary Digital Publishing Institute}
}

@article{ma2019deep,
  title     = {Deep learning in remote sensing applications: A meta-analysis and review},
  author    = {Ma, Lei and Liu, Yu and Zhang, Xueliang and Ye, Yuanxin and Yin, Gaofei and Johnson, Brian Alan},
  journal   = {ISPRS journal of photogrammetry and remote sensing},
  volume    = {152},
  pages     = {166--177},
  year      = {2019},
  publisher = {Elsevier}
}

@article{Nijhawan2018,
  author  = {Nijhawan, Rahul and Das, Josodhir and Raman, Balasubramanian},
  year    = {2018},
  month   = {06},
  pages   = {1-9},
  title   = {A Hybrid CNN + Random Forest Approach to Delineate Debris Covered Glaciers Using Deep Features},
  volume  = {46},
  journal = {Journal of the Indian Society of Remote Sensing},
  doi     = {10.1007/s12524-018-0750-x}
}

@article{zhang2021automated,
  title     = {An automated, generalized, deep-learning-based method for delineating the calving fronts of Greenland glaciers from multi-sensor remote sensing imagery},
  author    = {Zhang, Enze and Liu, Lin and Huang, Lingcao and Ng, Ka Shing},
  journal   = {Remote Sensing of Environment},
  volume    = {254},
  pages     = {112265},
  year      = {2021},
  publisher = {Elsevier}
}


# PAPERS SELECCIONADOS PARA LA REVISION SISTEMATICA DE LA LITERATURA

